%From litrev.tex

@Article{csims1980,
   author={Sims, Christopher A.},
   title={Macroeconomics and Reality},
   journal={Econometrics},
   volume={48},
   year=1980,
   pages={1 - 48}
}

@inproceedings{csims1998,
  title={The Role of Interest Rate Policy in the Generation and Propagation of Business Cycles: {W}hat Has Changed Since the 30s?},
  author={Sims, Christopher A.},
  booktitle={Conference Series - Federal Reserve Bank of Boston},
  volume={42},
  pages={121--160},
  year={1998}
}


@Article{csims2006,
   author={Sims, Christopher A. and Tao Zha},
   title={Were There Regime Switches in {U.S.} Monetary Policy?},
   journal={American Economic Review},
   volume={96},
   year=2006,
   pages={54 - 81}
}

@Article{primi2005,
   author={Primiceri, Giorgio E.},
   title={Time Varying Structural Vector Autoregressions and Monetary Policy},
   journal={Review of Economic Studies},
   volume={72},
   year=2005,
   pages={821 - 852}
}

@Article{lenza2010,
  title={Orthodox and Heterodox Monetary Policies},
  author={Lenza, Michele and Pill, Huw and Reichlin, Lucrezia},
  journal={Economic Policy},
  volume={62},
  pages={295 - 339},
  year={2010}
}

@Article{kapetanios2012,
   author={Kapetanios, George and Mumtaz, Haroon and Stevens, Ibrahim and
   Theodoridis Konstantinos},
   title={Assessing the Economy-Wide Effects of Quantitative Easing},
   journal={The Economic Journal},
   volume={122},
   year=2012,
   pages={F316 - F347}
}

@Article{benati2010,
   author={Benati, Luca},
   title={Are Policy Counterfactuals Based on Structural {VARs} reliable?},
   journal={ECB Working Paper Series},
   volume={1188},
   year=2010
}

@inproceedings{lucas1976,
  title={Econometric Policy Evaluation: {A} Critique},
  author={Lucas, Robert E.},
  booktitle={Carnegie-Rochester Conference Series on Public Policy},
  volume={1},
  number={1},
  pages={19 - 46},
  year={1976}
}

@incollection{ericsson1995,
  title={The {L}ucas Critique in Practice},
  author={Ericsson, Neil R. and Irons, John S.},
  booktitle={Macroeconometrics},
  editor ={Hoover, K. D.},
  pages={263 - 324},
  year={1995},
  publisher={Springer}
}

@Article{ericsson1998,
   author={Ericsson, Neil R. and Hendry, David F. and Mizon, E. Grayham},
   title={Exogeneity, Cointegration, and Economic Policy Analysis},
   journal={Journal of Business \& Economic Statistics},
   volume={16},
   year=1998,
   pages={370 - 387}
}

@Article{oizumi1994,
   author={Oizumi, Eiji},
   title={Property Finance in {J}apan: {E}xpansion and Collapse of the Bubble Economy},
   journal={Journal of Business \& Economic Statistics},
   volume={16},
   year=1998,
   pages={370 - 387}
}

@article{allen2000,
  title={Bubbles and Crises},
  author={Allen, Franklin and Gale, Douglas},
  journal={The Economic Journal},
  volume={110},
  number={460},
  pages={236--255},
  year={2000}
}

@article{okamoto2013,
  title={'{U}shinawareta 20-nen' to Zaisei Kiny\={u} Seisaku
  ({T}he '{T}wo {L}ost {D}ecades', Fiscal Policy Measures, and Monetary Policy Measures)},
  author={Okamoto, Hideo},
  journal={T\={o}ky\={o} Keizai Daigaku Kaishi (Keizai Gaku)},
  volume={279},
  pages={217--241},
  year={2013}
}

@Article{hausman2014,
   author={Hausman, Joshua K. and Wieland, Johannes F.},
   title={Abenomics: {P}reliminary Analysis and Outlook},
   journal={Brookings Papers on Economic Activity},
   volume={44},
   number={1},
   year=2014,
   pages={385--413}
}

@article{kim2008,
  title={Estimation of {M}arkov regime-switching regression models with endogenous switching},
  author={Kim, Chang-Jin and Piger, Jeremy and Startz, Richard},
  journal={Journal of Econometrics},
  volume={143},
  number={2},
  pages={263--273},
  year={2008}
}
@book{koo2015,
  title={Escape from Balance Sheet Recession and the {QE} Trap},
  author={Koo, Richard C.},
  year={2015},
  publisher={Wiley Online Library}
}

@article{saxonhouse1998,
  title={Structural Change and {J}apanese Economic History - {W}ill the 21st Century Be Different?},
  author={Saxonhouse, Gary R.},
  journal={The American Economic Review},
  volume={88},
  number={2},
  pages={408--411},
  year={1998}
}

@article{hayashi20021990s,
  title={The 1990s in {J}apan: {A} Lost Decade},
  author={Hayashi, Fumio and Prescott, Edward C},
  journal={Review of Economic Dynamics},
  volume={5},
  number={1},
  pages={206--235},
  year={2002}
}

@article{morita2017,
  title={Effects of Anticipated Fiscal Policy Shock on Macroeconomic Dynamics in {J}apan},
  author={Morita, Hiroshi},
  journal={The Japanese Economic Review},
  volume={68},
  number={3},
  pages={364 - 393},
  year={2017}
}

@article{whittaker2005,
  title={The Neglog Transformation and Quantile Regression for the Analysis of a Large Credit Scoring Database},
  author={Whittaker, Joe and Whitehead, Chris and Somers, Mark},
  journal={Journal of the Royal Statistical Society: Series C (Applied Statistics)},
  volume={54},
  number={5},
  pages={863--878},
  year={2005}
}

@article{duy1998modeling,
  title={Modeling and Forecasting Cointegrated Variables: {S}ome Practical Experience},
  author={Duy, Timothy A. and Thoma, Mark A.},
  journal={Journal of Economics and Business},
  volume={50},
  number={3},
  pages={291--307},
  year={1998}
}

@article{franses1991,
  title={Seasonality, Non-Stationarity and the Forecasting of Monthly Time Series},
  author={Franses, Philip H.},
  journal={International Journal of Forecasting},
  volume={7},
  number={2},
  pages={199--208},
  year={1991}
}

@article{fisher2010,
  title={Using stock returns to identify government spending shocks},
  author={Fisher, Jonas D.M. and Peters, Ryan},
  journal={The Economic Journal},
  volume={120},
  number={544},
  pages={4014--436},
  year={2010}
}